<record><leader>00000cas a22000007a 4500</leader><controlfield tag="001">12801587</controlfield><controlfield tag="008">851115d19561956wiuwr ne      0    0eng d</controlfield><datafield ind1=" " ind2=" " tag="010"><subfield code="a">sn 85041436 </subfield></datafield><datafield ind1=" " ind2=" " tag="040"><subfield code="a">NPV</subfield><subfield code="b">eng</subfield><subfield code="c">NPV</subfield><subfield code="d">OCL</subfield><subfield code="d">OCLCQ</subfield></datafield><datafield ind1=" " ind2=" " tag="042"><subfield code="a">msc</subfield></datafield><datafield ind1="0" ind2="0" tag="245"><subfield code="a">Midwest republican.</subfield></datafield><datafield ind1=" " ind2=" " tag="260"><subfield code="a">Rice Lake, Wis. :</subfield><subfield code="b">[s.n.],</subfield><subfield code="c">1956-</subfield></datafield><datafield ind1=" " ind2=" " tag="300"><subfield code="a">v.</subfield></datafield><datafield ind1=" " ind2=" " tag="310"><subfield code="a">Weekly</subfield></datafield><datafield ind1="0" ind2=" " tag="362"><subfield code="a">Vol. 28, no. 23 (July 7, 1956)-</subfield></datafield><datafield ind1="1" ind2=" " tag="362"><subfield code="a">Ceased with Sept. 8, 1956 issue.</subfield><subfield code="z">Cf. Oehlerts, d. E. Guide to Wis. newspapers.</subfield></datafield><datafield ind1=" " ind2=" " tag="752"><subfield code="a">United States</subfield><subfield code="b">Wisconsin</subfield><subfield code="c">Barron</subfield><subfield code="d">Rice Lake.</subfield></datafield><datafield ind1="0" ind2="0" tag="780"><subfield code="t">Barron County leader</subfield><subfield code="w">(DLC)sn 85041437</subfield><subfield code="w">(OCoLC)12801575</subfield></datafield></record>